%YAML 1.1
%TAG !u! tag:unity3d.com,2011:
--- !u!1 &2890293152018642315
GameObject:
  m_ObjectHideFlags: 0
  m_CorrespondingSourceObject: {fileID: 0}
  m_PrefabInstance: {fileID: 0}
  m_PrefabAsset: {fileID: 0}
  serializedVersion: 6
  m_Component:
  - component: {fileID: 2890293152018642324}
  - component: {fileID: 2890293152018642325}
  - component: {fileID: 2890293152018642314}
  - component: {fileID: 2890293150394974542}
  - component: {fileID: 2890293150394974536}
  - component: {fileID: 2890293150394974537}
  - component: {fileID: 2890293150394974543}
  - component: {fileID: 2890293150394974544}
  m_Layer: 8
  m_Name: Spline
  m_TagString: Untagged
  m_Icon: {fileID: 0}
  m_NavMeshLayer: 0
  m_StaticEditorFlags: 0
  m_IsActive: 1
--- !u!4 &2890293152018642324
Transform:
  m_ObjectHideFlags: 0
  m_CorrespondingSourceObject: {fileID: 0}
  m_PrefabInstance: {fileID: 0}
  m_PrefabAsset: {fileID: 0}
  m_GameObject: {fileID: 2890293152018642315}
  m_LocalRotation: {x: 0, y: 0, z: 0, w: 1}
  m_LocalPosition: {x: 0, y: 1.54, z: 0}
  m_LocalScale: {x: 1, y: 1, z: 1}
  m_Children: []
  m_Father: {fileID: 0}
  m_RootOrder: 0
  m_LocalEulerAnglesHint: {x: 0, y: 0, z: 0}
--- !u!1971053207 &2890293152018642325
SpriteShapeRenderer:
  m_ObjectHideFlags: 0
  m_CorrespondingSourceObject: {fileID: 0}
  m_PrefabInstance: {fileID: 0}
  m_PrefabAsset: {fileID: 0}
  m_GameObject: {fileID: 2890293152018642315}
  m_Enabled: 1
  m_CastShadows: 1
  m_ReceiveShadows: 1
  m_DynamicOccludee: 0
  m_MotionVectors: 1
  m_LightProbeUsage: 1
  m_ReflectionProbeUsage: 1
  m_RayTracingMode: 0
  m_RenderingLayerMask: 1
  m_RendererPriority: 0
  m_Materials:
  - {fileID: 10754, guid: 0000000000000000f000000000000000, type: 0}
  - {fileID: 10754, guid: 0000000000000000f000000000000000, type: 0}
  m_StaticBatchInfo:
    firstSubMesh: 0
    subMeshCount: 0
  m_StaticBatchRoot: {fileID: 0}
  m_ProbeAnchor: {fileID: 0}
  m_LightProbeVolumeOverride: {fileID: 0}
  m_ScaleInLightmap: 1
  m_ReceiveGI: 1
  m_PreserveUVs: 0
  m_IgnoreNormalsForChartDetection: 0
  m_ImportantGI: 0
  m_StitchLightmapSeams: 1
  m_SelectedEditorRenderState: 0
  m_MinimumChartSize: 4
  m_AutoUVMaxDistance: 0.5
  m_AutoUVMaxAngle: 89
  m_LightmapParameters: {fileID: 0}
  m_SortingLayerID: 0
  m_SortingLayer: 0
  m_SortingOrder: 0
  m_Color: {r: 0.9528302, g: 0.47171274, b: 0.022472408, a: 1}
  m_MaskInteraction: 0
  m_ShapeTexture: {fileID: 2800000, guid: 704cde2783fd00a478c9cee12b69276e, type: 3}
  m_Sprites:
  - {fileID: 21300000, guid: 00c1a1e6c96f3c8488ba6ae2a9459dcf, type: 3}
  m_LocalAABB:
    m_Center: {x: 4.90019, y: 1.5077927, z: -0.0050049997}
    m_Extent: {x: 10.059716, y: 4.038207, z: 0.0050049997}
--- !u!114 &2890293152018642314
MonoBehaviour:
  m_ObjectHideFlags: 0
  m_CorrespondingSourceObject: {fileID: 0}
  m_PrefabInstance: {fileID: 0}
  m_PrefabAsset: {fileID: 0}
  m_GameObject: {fileID: 2890293152018642315}
  m_Enabled: 1
  m_EditorHideFlags: 0
  m_Script: {fileID: 11500000, guid: 90539df1cd5704abcb25fec9f3f5f84b, type: 3}
  m_Name: 
  m_EditorClassIdentifier: 
  m_Spline:
    m_IsOpenEnded: 0
    m_ControlPoints:
    - position: {x: 1.7840972, y: 1.0029116, z: 0}
      leftTangent: {x: -0.3177594, y: 0.00035524368, z: 0}
      rightTangent: {x: 0.36281323, y: -0.00047016144, z: 0}
      mode: 1
      height: 1
      bevelCutoff: 0
      bevelSize: 0
      spriteIndex: 0
      corner: 1
    - position: {x: 3.7585738, y: 1.00052, z: 0}
      leftTangent: {x: -0.055280685, y: -0.00013375282, z: 0}
      rightTangent: {x: 0.33216453, y: -0.00045681, z: 0}
      mode: 1
      height: 1
      bevelCutoff: 0
      bevelSize: 0
      spriteIndex: 0
      corner: 1
    - position: {x: 6.429529, y: 0.9481391, z: 0}
      leftTangent: {x: -0.45762253, y: -0.056363404, z: 0}
      rightTangent: {x: 0.4107628, y: 0.050591826, z: 0}
      mode: 1
      height: 1
      bevelCutoff: 0
      bevelSize: 0
      spriteIndex: 0
      corner: 1
    - position: {x: 8.173771, y: 0.97422254, z: 0}
      leftTangent: {x: -0.6008301, y: 0.08932793, z: 0}
      rightTangent: {x: 0.83783627, y: -0.12456453, z: 0}
      mode: 1
      height: 1
      bevelCutoff: 0
      bevelSize: 0
      spriteIndex: 0
      corner: 1
    - position: {x: 9.950044, y: 0.96262884, z: 0}
      leftTangent: {x: -0.7683344, y: 0.022018671, z: 0}
      rightTangent: {x: 0.6456518, y: -0.018502831, z: 0}
      mode: 1
      height: 1
      bevelCutoff: 0
      bevelSize: 0
      spriteIndex: 0
      corner: 1
    - position: {x: 11.3340645, y: 0.91488075, z: 0}
      leftTangent: {x: -0.74839306, y: -0.074195385, z: 0}
      rightTangent: {x: 0.43170643, y: 0.042799175, z: 0}
      mode: 1
      height: 1
      bevelCutoff: 0
      bevelSize: 0
      spriteIndex: 0
      corner: 1
    - position: {x: 11.663278, y: 4.4888253, z: 0}
      leftTangent: {x: -0.14480877, y: 0.06097126, z: 0}
      rightTangent: {x: 0.7737484, y: -0.32578468, z: 0}
      mode: 1
      height: 1
      bevelCutoff: 0
      bevelSize: 0
      spriteIndex: 0
      corner: 1
    - position: {x: 13.403372, y: 3.6742282, z: 0}
      leftTangent: {x: -0.5265875, y: 0.4447751, z: 0}
      rightTangent: {x: 0.11543846, y: -0.097503185, z: 0}
      mode: 1
      height: 1
      bevelCutoff: 0
      bevelSize: 0
      spriteIndex: 0
      corner: 1
    - position: {x: 13.753243, y: 0.22472727, z: 0}
      leftTangent: {x: -0.07650375, y: 0.488963, z: 0}
      rightTangent: {x: 0.052383423, y: -0.31616974, z: 0}
      mode: 1
      height: 1
      bevelCutoff: 0
      bevelSize: 0
      spriteIndex: 0
      corner: 1
    - position: {x: 13.010178, y: -1.1136274, z: 0}
      leftTangent: {x: 1.1949024, y: 0.012318611, z: 0}
      rightTangent: {x: -0.61582565, y: -0.0065169334, z: 0}
      mode: 1
      height: 1
      bevelCutoff: 0
      bevelSize: 0
      spriteIndex: 0
      corner: 1
    - position: {x: 10.788644, y: -1.1151264, z: 0}
      leftTangent: {x: 0.7416544, y: -0.0034048557, z: 0}
      rightTangent: {x: -0.7834673, y: 0.0035007, z: 0}
      mode: 1
      height: 1
      bevelCutoff: 0
      bevelSize: 0
      spriteIndex: 0
      corner: 1
    - position: {x: 9.271194, y: -1.1061473, z: 0}
      leftTangent: {x: 0.0857048, y: 0, z: 0}
      rightTangent: {x: -0.32471085, y: 0, z: 0}
      mode: 1
      height: 1
      bevelCutoff: 0
      bevelSize: 0
      spriteIndex: 0
      corner: 1
    - position: {x: 6.5928745, y: -1.1431272, z: 0}
      leftTangent: {x: 1.2162819, y: 0.009685993, z: 0}
      rightTangent: {x: -1.2632113, y: -0.010028124, z: 0}
      mode: 1
      height: 1
      bevelCutoff: 0
      bevelSize: 0
      spriteIndex: 0
      corner: 1
    - position: {x: 3.627563, y: -1.16348, z: 0}
      leftTangent: {x: 0.340106, y: 0, z: 0}
      rightTangent: {x: -0.5248549, y: 0, z: 0}
      mode: 1
      height: 1
      bevelCutoff: 0
      bevelSize: 0
      spriteIndex: 0
      corner: 1
    - position: {x: 1.1637005, y: -1.2574027, z: 0}
      leftTangent: {x: 0.6438222, y: 0, z: 0}
      rightTangent: {x: -0.46464443, y: 0, z: 0}
      mode: 1
      height: 1
      bevelCutoff: 0
      bevelSize: 0
      spriteIndex: 0
      corner: 1
    - position: {x: -1.5316463, y: -1.2704844, z: 0}
      leftTangent: {x: 0, y: 0, z: 0}
      rightTangent: {x: -0.07427883, y: 0.05434966, z: 0}
      mode: 2
      height: 1
      bevelCutoff: 0
      bevelSize: 0
      spriteIndex: 0
      corner: 1
    - position: {x: -4.059167, y: -0.7557821, z: 0}
      leftTangent: {x: 0.010187149, y: -1.1552258, z: 0}
      rightTangent: {x: -0.0076799393, y: 0.8709066, z: 0}
      mode: 1
      height: 1
      bevelCutoff: 0
      bevelSize: 0
      spriteIndex: 0
      corner: 1
    - position: {x: -2.6348376, y: 1.1274059, z: 0}
      leftTangent: {x: -1.2584431, y: -0.29430145, z: 0}
      rightTangent: {x: 0.42751765, y: 0.09997988, z: 0}
      mode: 1
      height: 1
      bevelCutoff: 0
      bevelSize: 0
      spriteIndex: 0
      corner: 1
    - position: {x: -1.3667665, y: 1.1401544, z: 0}
      leftTangent: {x: -0.2576902, y: 0.006861925, z: 0}
      rightTangent: {x: 0.38029528, y: -0.009847879, z: 0}
      mode: 1
      height: 1
      bevelCutoff: 0
      bevelSize: 0
      spriteIndex: 0
      corner: 1
    - position: {x: -0.00551486, y: 1.0027913, z: 0}
      leftTangent: {x: -0.21971107, y: 0.0064041615, z: 0}
      rightTangent: {x: 0.46564984, y: -0.013452053, z: 0}
      mode: 1
      height: 1
      bevelCutoff: 0
      bevelSize: 0
      spriteIndex: 0
      corner: 1
  m_SpriteShape: {fileID: 11400000, guid: 43676e214781d3242a555a5f833952ca, type: 2}
  m_FillPixelPerUnit: 150
  m_StretchTiling: 2
  m_SplineDetail: 16
  m_AdaptiveUV: 0
  m_StretchUV: 0
  m_WorldSpaceUV: 0
  m_CornerAngleThreshold: 30
  m_ColliderDetail: 16
  m_ColliderOffset: 0
  m_UpdateCollider: 1
  m_OptimizeCollider: 1
  m_OptimizeGeometry: 0
  m_EnableTangents: 1
--- !u!60 &2890293150394974542
PolygonCollider2D:
  m_ObjectHideFlags: 0
  m_CorrespondingSourceObject: {fileID: 0}
  m_PrefabInstance: {fileID: 0}
  m_PrefabAsset: {fileID: 0}
  m_GameObject: {fileID: 2890293152018642315}
  m_Enabled: 1
  m_Density: 1
  m_Material: {fileID: 6200000, guid: 1d7f5da8bc8da444d80fcee50a93cce0, type: 2}
  m_IsTrigger: 0
  m_UsedByEffector: 0
  m_UsedByComposite: 0
  m_Offset: {x: 0, y: 0}
  m_SpriteTilingProperty:
    border: {x: 0, y: 0, z: 0, w: 0}
    pivot: {x: 0, y: 0}
    oldSize: {x: 0, y: 0}
    newSize: {x: 0, y: 0}
    adaptiveTilingThreshold: 0
    drawMode: 0
    adaptiveTiling: 0
  m_AutoTiling: 0
  m_Points:
    m_Paths:
    - - {x: 1.7838697, y: 0.82735175}
      - {x: 3.8405485, y: 0.82356274}
      - {x: 5.382402, y: 0.7666056}
      - {x: 6.1817884, y: 0.75821906}
      - {x: 7.176529, y: 0.835762}
      - {x: 7.791506, y: 0.8353701}
      - {x: 8.595911, y: 0.7520559}
      - {x: 9.803187, y: 0.78950435}
      - {x: 10.779564, y: 0.71473414}
      - {x: 11.207847, y: 0.72731304}
      - {x: 11.393864, y: 0.7498188}
      - {x: 11.546495, y: 0.85618675}
      - {x: 11.639401, y: 1.0480456}
      - {x: 11.6929245, y: 1.2775565}
      - {x: 11.729465, y: 1.5511804}
      - {x: 11.770187, y: 2.202638}
      - {x: 11.784729, y: 3.2690475}
      - {x: 11.790351, y: 4.1391454}
      - {x: 11.795711, y: 4.24663}
      - {x: 12.613523, y: 3.9420164}
      - {x: 13.002656, y: 3.7488286}
      - {x: 13.25951, y: 3.5667303}
      - {x: 13.327899, y: 3.0848148}
      - {x: 13.54381, y: 0.5182572}
      - {x: 13.674927, y: -0.27943617}
      - {x: 13.66768, y: -0.5768716}
      - {x: 13.602802, y: -0.72920895}
      - {x: 13.467379, y: -0.84587294}
      - {x: 13.203691, y: -0.9245625}
      - {x: 10.789439, y: -0.9395683}
      - {x: 8.982168, y: -0.933522}
      - {x: 3.509603, y: -0.98914504}
      - {x: 1.4478718, y: -1.0773423}
      - {x: -1.5326707, y: -1.0949277}
      - {x: -2.4688854, y: -1.2239417}
      - {x: -2.9435873, y: -1.2529751}
      - {x: -3.1722028, y: -1.245383}
      - {x: -3.3815744, y: -1.2184005}
      - {x: -3.5610938, y: -1.170305}
      - {x: -3.701438, y: -1.1020964}
      - {x: -3.7994237, y: -1.0159504}
      - {x: -3.860065, y: -0.90592974}
      - {x: -3.8825173, y: -0.588279}
      - {x: -3.8606691, y: -0.27613848}
      - {x: -3.804415, y: 0.0050019007}
      - {x: -3.7050266, y: 0.2529493}
      - {x: -3.5520594, y: 0.47021988}
      - {x: -3.329102, y: 0.66117716}
      - {x: -2.9518409, y: 0.8480365}
      - {x: -2.5172682, y: 0.97211856}
      - {x: -1.9884362, y: 0.99985373}
      - {x: -1.016588, y: 0.9381733}
      - {x: -0.012292777, y: 0.82736224}
      - {x: 1.7122705, y: 0.8272454}
      - {x: 1.7838697, y: 0.82735175}
      - {x: 1.7838697, y: 0.82735175}
--- !u!114 &2890293150394974536
MonoBehaviour:
  m_ObjectHideFlags: 0
  m_CorrespondingSourceObject: {fileID: 0}
  m_PrefabInstance: {fileID: 0}
  m_PrefabAsset: {fileID: 0}
  m_GameObject: {fileID: 2890293152018642315}
  m_Enabled: 1
  m_EditorHideFlags: 0
  m_Script: {fileID: 11500000, guid: abfcdca06b08720448d5c8d027dac3f8, type: 3}
  m_Name: 
  m_EditorClassIdentifier: 
  DrawTangents: 1
  PosRadius: 0.2
  PosColor: {r: 0, g: 0, b: 1, a: 1}
  TangentRadius: 0.1
  TangentLeftColor: {r: 1, g: 0, b: 0, a: 1}
  TangentRightColor: {r: 1, g: 0, b: 0.96657753, a: 1}
--- !u!114 &2890293150394974537
MonoBehaviour:
  m_ObjectHideFlags: 0
  m_CorrespondingSourceObject: {fileID: 0}
  m_PrefabInstance: {fileID: 0}
  m_PrefabAsset: {fileID: 0}
  m_GameObject: {fileID: 2890293152018642315}
  m_Enabled: 1
  m_EditorHideFlags: 0
  m_Script: {fileID: 11500000, guid: 7cbf471192b963f4987eb5d77f09a9a2, type: 3}
  m_Name: 
  m_EditorClassIdentifier: 
  Settings: {fileID: 11400000, guid: 9817796313995e145a9680c42900b612, type: 2}
  MaxVelocity: 5
  Spring: 1
--- !u!114 &2890293150394974543
MonoBehaviour:
  m_ObjectHideFlags: 0
  m_CorrespondingSourceObject: {fileID: 0}
  m_PrefabInstance: {fileID: 0}
  m_PrefabAsset: {fileID: 0}
  m_GameObject: {fileID: 2890293152018642315}
  m_Enabled: 1
  m_EditorHideFlags: 0
  m_Script: {fileID: 11500000, guid: ac0cdfa9dc61e104aaa2870d3f5ad94d, type: 3}
  m_Name: 
  m_EditorClassIdentifier: 
  Settings: {fileID: 11400000, guid: 9817796313995e145a9680c42900b612, type: 2}
--- !u!114 &2890293150394974544
MonoBehaviour:
  m_ObjectHideFlags: 0
  m_CorrespondingSourceObject: {fileID: 0}
  m_PrefabInstance: {fileID: 0}
  m_PrefabAsset: {fileID: 0}
  m_GameObject: {fileID: 2890293152018642315}
  m_Enabled: 1
  m_EditorHideFlags: 0
  m_Script: {fileID: 11500000, guid: 24515bd3b87296140bb065ca3bd016a0, type: 3}
  m_Name: 
  m_EditorClassIdentifier: 
  SplinePoints:
  - Anchor: {x: 1.7840972, y: 1.0029116}
    Current: {x: 1.7840972, y: 1.0029116}
    Index: 0
    Velocity: {x: 0, y: 0}
  - Anchor: {x: 3.7585738, y: 1.00052}
    Current: {x: 3.7585738, y: 1.00052}
    Index: 1
    Velocity: {x: 0, y: 0}
  - Anchor: {x: 6.429529, y: 0.9481391}
    Current: {x: 6.429529, y: 0.9481391}
    Index: 2
    Velocity: {x: 0, y: 0}
  - Anchor: {x: 8.173771, y: 0.97422254}
    Current: {x: 8.173771, y: 0.97422254}
    Index: 3
    Velocity: {x: 0, y: 0}
  - Anchor: {x: 9.950044, y: 0.96262884}
    Current: {x: 9.950044, y: 0.96262884}
    Index: 4
    Velocity: {x: 0, y: 0}
  - Anchor: {x: 11.3340645, y: 0.91488075}
    Current: {x: 11.3340645, y: 0.91488075}
    Index: 5
    Velocity: {x: 0, y: 0}
  - Anchor: {x: 11.663278, y: 4.4888253}
    Current: {x: 11.663278, y: 4.4888253}
    Index: 6
    Velocity: {x: 0, y: 0}
  - Anchor: {x: 13.403372, y: 3.6742282}
    Current: {x: 13.403372, y: 3.6742282}
    Index: 7
    Velocity: {x: 0, y: 0}
  - Anchor: {x: 13.753243, y: 0.22472727}
    Current: {x: 13.753243, y: 0.22472727}
    Index: 8
    Velocity: {x: 0, y: 0}
  - Anchor: {x: 13.010178, y: -1.1136274}
    Current: {x: 13.010178, y: -1.1136274}
    Index: 9
    Velocity: {x: 0, y: 0}
  - Anchor: {x: 10.788644, y: -1.1151264}
    Current: {x: 10.788644, y: -1.1151264}
    Index: 10
    Velocity: {x: 0, y: 0}
  - Anchor: {x: 9.271194, y: -1.1061473}
    Current: {x: 9.271194, y: -1.1061473}
    Index: 11
    Velocity: {x: 0, y: 0}
  - Anchor: {x: 6.5928745, y: -1.1431272}
    Current: {x: 6.5928745, y: -1.1431272}
    Index: 12
    Velocity: {x: 0, y: 0}
  - Anchor: {x: 3.627563, y: -1.16348}
    Current: {x: 3.627563, y: -1.16348}
    Index: 13
    Velocity: {x: 0, y: 0}
  - Anchor: {x: 1.1637005, y: -1.2574027}
    Current: {x: 1.1637005, y: -1.2574027}
    Index: 14
    Velocity: {x: 0, y: 0}
  - Anchor: {x: -1.5316463, y: -1.2704844}
    Current: {x: -1.5316463, y: -1.2704844}
    Index: 15
    Velocity: {x: 0, y: 0}
  - Anchor: {x: -4.059167, y: -0.7557821}
    Current: {x: -4.059167, y: -0.7557821}
    Index: 16
    Velocity: {x: 0, y: 0}
  - Anchor: {x: -2.6348376, y: 1.1274059}
    Current: {x: -2.6348376, y: 1.1274059}
    Index: 17
    Velocity: {x: 0, y: 0}
  - Anchor: {x: -1.3667665, y: 1.1401544}
    Current: {x: -1.3667665, y: 1.1401544}
    Index: 18
    Velocity: {x: 0, y: 0}
  - Anchor: {x: -0.00551486, y: 1.0027913}
    Current: {x: -0.00551486, y: 1.0027913}
    Index: 19
    Velocity: {x: 0, y: 0}
